@InProceedings{C2,
  author = 	 "Jones, C.D. and Smith, A.B. and Roberts, E.F.",
  title =        "Article Title",
  booktitle =        "Proceedings Title",
  organization = "IEEE",
  year = 	 "2003",
  volume = 	 "II",
  pages = 	 "803-806"
}


@misc{wandb_site_2025,
	title = {Weights \& biases},
    journal = {W\&B},
    year = {2025},
	url = {httpss://wandb.ai/site}
}


@misc{johnson_perceptual_2016,
    author = {Johnson, Justin and Alahi, Alexandre and Fei-Fei, Li},
	title = {Perceptual losses for real-time style transfer and super-resolution},
    publisher = {arXiv},
    year = {2016},
	url = {http://arxiv.org/abs/1603.08155}
}


@misc{braun_consolidated_2020,
    author = {Braun, Sebastian and Tashev, Ivan},
	title = {A consolidated view of loss functions for supervised deep learning-based speech enhancement},
    publisher = {arXiv},
    year = {2020},
	url = {http://arxiv.org/abs/2009.12286}
}


@misc{roux_sdr_2018,
    author = {Roux, Jonathan Le and Wisdom, Scott and Erdogan, Hakan and Hershey, John R.},
	title = {{SDR} - half-baked or well done?},
    publisher = {arXiv},
    year = {2018},
	url = {http://arxiv.org/abs/1811.02508}
}


@misc{team_keras_cgan,
    author = {Team, Keras},
	title = {Keras documentation: {Conditional} {GAN}},
	shorttitle = {Keras documentation},
	url = {https://keras.io/examples/generative/conditional_gan/}
}


@misc{liang_swinir_2021,
	author = {Liang, Jingyun and Cao, Jiezhang and Sun, Guolei and Zhang, Kai and Gool, Luc Van and Timofte, Radu},
	title = {{SwinIR}: {Image} restoration using swin transformer},
	shorttitle = {{SwinIR}},
	publisher = {arXiv},
	year = {2021},
	url = {http://arxiv.org/abs/2108.10257}
}


@inproceedings{hinderer_blind_2022,
	author = {Hinderer, Sven},
	title = {Blind source separation of radar signals in time domain using deep learning},
	booktitle = {2022 23rd {International} {Radar} {Symposium} ({IRS})},
	publisher = {IEEE},
	year = {2022},
	pages = {486--491},
	url = {https://ieeexplore.ieee.org/document/9904990/}
}


@inproceedings{prabhakara_high_2023,
	author = {Prabhakara, Akarsh and Jin, Tao and Das, Arnav and Bhatt, Gantavya and Kumari, Lilly and Soltanaghai, Elahe and Bilmes, Jeff and Kumar, Swarun and Rowe, Anthony},
	title = {High resolution point clouds from {mmWave} radar},
	booktitle = {2023 {IEEE} {International} {Conference} on {Robotics} and {Automation} ({ICRA})},
	publisher = {IEEE},
	year = {2023},
	pages = {4135--4142},
	url = {https://ieeexplore.ieee.org/document/10161429/}
}


@misc{shi_real-time_2016,
    author = {Shi, Wenzhe and Caballero, Jose and Husz√°r, Ferenc and Totz, Johannes and Aitken, Andrew P. and Bishop, Rob and Rueckert, Daniel and Wang, Zehan},
	title = {Real-time single image and video super-resolution using an efficient sub-pixel convolutional neural network},
    publisher = {arXiv},
    year = {2016},
	url = {http://arxiv.org/abs/1609.05158}
}

@article{sorensen_real-valued_1987,
    author = {Sorensen, H. and Jones, D. and Heideman, M. and Burrus, C.},
	title = {Real-valued fast fourier transform algorithms},
    journal = {IEEE Transactions on Acoustics, Speech, and Signal Processing},
    year = {1987},
    volume = {35},
    pages = {849--863},
	url = {http://ieeexplore.ieee.org/document/1165220/}
}

@misc{ag_bgt60tr13c_nodate,
    author = {AG, Infineon Technologies},
	title = {{BGT60TR13C} {\textbar} {XENSIV} {60GHz} radar sensor for advanced sensing - infineon technologies},
	url = {https://www.infineon.com/cms/en/product/sensor/radar-sensors/radar-sensors-for-iot/60ghz-radar/bgt60tr13c/}
}

