@InProceedings{C2,
  author = 	 "Jones, C.D. and Smith, A.B. and Roberts, E.F.",
  title =        "Article Title",
  booktitle =        "Proceedings Title",
  organization = "IEEE",
  year = 	 "2003",
  volume = 	 "II",
  pages = 	 "803-806"
}

@misc{wandb_site_2025,
	title = {Weights \& biases},
    journal = {W\&B},
    year = {2025},
	url = {httpss://wandb.ai/site}
}


@misc{isola_image--image_2018,
    author = {Isola, Phillip and Zhu, Jun-Yan and Zhou, Tinghui and Efros, Alexei A.},
	title = {Image-to-{Image} {Translation} with {Conditional} {Adversarial} {Networks}},
    publisher = {arXiv},
    year = {2018},
	url = {http://arxiv.org/abs/1611.07004}
}


@article{watson2020deep,
    author={Watson, Alexander},
    title={Deep learning techniques for super-resolution in video games},
    journal={arXiv preprint arXiv:2012.09810},
    year={2020}
}


@ARTICLE{7556357,
    author={Thurn, Karsten and Shmakov, Denys and Li, Gang and Max, Stephan and Meinecke, Marc-Michael and Vossiek, Martin},
    title={Concept and Implementation of a PLL-Controlled Interlaced Chirp Sequence Radar for Optimized Range–Doppler Measurements},
    journal={IEEE Transactions on Microwave Theory and Techniques}, 
    year={2016},
    volume={64},
    pages={3280-3289}
}


@inproceedings{li_azimuth_2023,
    author = {Li, Yu-Jhe and Hunt, Shawn and Park, Jinhyung and O'Toole, Matthew and Kitani, Kris},
    title = {Azimuth super-resolution for {FMCW} radar in autonomous driving},
    booktitle = {2023 {IEEE}/{CVF} {Conference} on {Computer} {Vision} and {Pattern} {Recognition} ({CVPR})},
    publisher = {IEEE},
    year = {2023},
    pages = {17504--17513},
	url = {https://ieeexplore.ieee.org/document/10205026/}
}

@misc{kingma_adam_2017,
    author = {Kingma, Diederik P. and Ba, Jimmy},
	title = {Adam: {A} method for stochastic optimization},
	shorttitle = {Adam},
    publisher = {arXiv},
    year = {2017},
	url = {http://arxiv.org/abs/1412.6980}
}


@misc{noauthor_distributed_nodate,
	title = {Distributed training with {TensorFlow} {\textbar} {TensorFlow} core},
    journal = {TensorFlow},
	url = {https://www.tensorflow.org/guide/distributed_training}
}

@misc{johnson_perceptual_2016,
    author = {Johnson, Justin and Alahi, Alexandre and Fei-Fei, Li},
	title = {Perceptual losses for real-time style transfer and super-resolution},
    publisher = {arXiv},
    year = {2016},
	url = {http://arxiv.org/abs/1603.08155}
}

@misc{simonyan_very_2015,
    author = {Simonyan, Karen and Zisserman, Andrew},
	title = {Very deep convolutional networks for large-scale image recognition},
    publisher = {arXiv},
    year = {2015},
	url = {http://arxiv.org/abs/1409.1556}
}

@misc{braun_consolidated_2020,
    author = {Braun, Sebastian and Tashev, Ivan},
	title = {A consolidated view of loss functions for supervised deep learning-based speech enhancement},
    publisher = {arXiv},
    year = {2020},
	url = {http://arxiv.org/abs/2009.12286}
}

@misc{roux_sdr_2018,
    author = {Roux, Jonathan Le and Wisdom, Scott and Erdogan, Hakan and Hershey, John R.},
	title = {{SDR} - half-baked or well done?},
    publisher = {arXiv},
    year = {2018},
	url = {http://arxiv.org/abs/1811.02508}
}

@misc{team_keras_cgan,
    author = {Team, Keras},
	title = {Keras documentation: {Conditional} {GAN}},
	shorttitle = {Keras documentation},
	url = {https://keras.io/examples/generative/conditional_gan/}
}

@misc{noauthor_bilinear_2025,
	title = {Bilinear interpolation},
    journal = {Wikipedia},
    year = {2025},
    url = {https://en.wikipedia.org/w/index.php?title=Bilinear_interpolation&oldid=1276345325}
}

@article{odena_deconvolution_2016,
    author = {Odena, Augustus and Dumoulin, Vincent and Olah, Chris},
	title = {Deconvolution and checkerboard artifacts},
    journal = {Distill},
    year = {2016},
	volume = {1},
    pages = {e3},
	url = {http://distill.pub/2016/deconv-checkerboard}
}

@misc{shi_is_nodate,
      author={Wenzhe Shi and Jose Caballero and Lucas Theis and Ferenc Huszar and Andrew Aitken and Christian Ledig and Zehan Wang},
      title={Is the deconvolution layer the same as a convolutional layer?}, 
      archivePrefix={arXiv},
      year={2016},
      url={https://arxiv.org/abs/1609.07009}
}

@misc{shi_real-time_2016,
    author = {Shi, Wenzhe and Caballero, Jose and Huszár, Ferenc and Totz, Johannes and Aitken, Andrew P. and Bishop, Rob and Rueckert, Daniel and Wang, Zehan},
	title = {Real-time single image and video super-resolution using an efficient sub-pixel convolutional neural network},
    publisher = {arXiv},
    year = {2016},
	url = {http://arxiv.org/abs/1609.05158}
}


@misc{vdumoulin_vdumoulinconv_arithmetic_2025,
    author = {vdumoulin},
	title = {vdumoulin/conv\_arithmetic},
    platform = {GitHub},
    year = {2016},
	url = {https://github.com/vdumoulin/conv_arithmetic}
}

@article{podder2014comparative,
    author={Podder, Prajoy and Khan, Tanvir Zaman and Khan, Mamdudul Haque and Rahman, M Muktadir},
    title={Comparative performance analysis of hamming, hanning and blackman window},
    journal={International Journal of Computer Applications},
    publisher={Foundation of Computer Science},
    year={2014},
    volume={96},
    pages={1--7} 
}

@article{sorensen_real-valued_1987,
    author = {Sorensen, H. and Jones, D. and Heideman, M. and Burrus, C.},
    title = {Real-valued fast fourier transform algorithms},
    journal = {IEEE Transactions on Acoustics, Speech, and Signal Processing},
	year = {1987},
    volume = {35},
    pages = {849--863},
    number = {6},
    url = {http://ieeexplore.ieee.org/document/1165220/}
}

@misc{noauthor_how_2023,
	title = {How to build {Radar} {SDK} from source code},
    year = {2023},
	url = {https://community.infineon.com/t5/Knowledge-Base-Articles/How-to-build-Radar-SDK-from-source-code/ta-p/663602}
}

@misc{ag_bgt60tr13c_nodate,
    author = {AG, Infineon Technologies},
	title = {{BGT60TR13C} {\textbar} {XENSIV} {60GHz} radar sensor for advanced sensing - infineon technologies},
	url = {https://www.infineon.com/cms/en/product/sensor/radar-sensors/radar-sensors-for-iot/60ghz-radar/bgt60tr13c/}
}

@misc{liang_swinir_2021,
	author = {Liang, Jingyun and Cao, Jiezhang and Sun, Guolei and Zhang, Kai and Gool, Luc Van and Timofte, Radu},
	title = {{SwinIR}: {Image} restoration using swin transformer},
	shorttitle = {{SwinIR}},
	publisher = {arXiv},
	year = {2021},
	url = {http://arxiv.org/abs/2108.10257}
}

@misc{ledig_photo-realistic_2017,
	author = {Ledig, Christian and Theis, Lucas and Huszar, Ferenc and Caballero, Jose and Cunningham, Andrew and Acosta, Alejandro and Aitken, Andrew and Tejani, Alykhan and Totz, Johannes and Wang, Zehan and Shi, Wenzhe},
	title = {Photo-realistic single image super-resolution using a generative adversarial network},
	publisher = {arXiv},
	year = {2017},
	url = {http://arxiv.org/abs/1609.04802}
}

@article{jeong_resource-efficient_2023,
	author = {Jeong, Taewon and Lee, Seongwook},
	title = {Resource-efficient range-doppler map generation using deep learning network for automotive radar systems},
	journal = {IEEE Access},
	year = {2023},
	volume = {11},
	pages = {55965--55977},
	url = {https://ieeexplore.ieee.org/document/10143630/}
}

@article{abdulatif_cmgan_2024,
	author = {Abdulatif, Sherif and Cao, Ruizhe and Yang, Bin},
	title = {{CMGAN}: {Conformer}-based metric-{GAN} for monaural speech enhancement},
	shorttitle = {{CMGAN}},
	journal = {IEEE/ACM Transactions on Audio, Speech, and Language Processing},
	year = {2024},
	volume = {32},
	pages = {2477--2493},
	url = {https://ieeexplore.ieee.org/document/10508391/}
}

@inproceedings{prabhakara_high_2023,
	author = {Prabhakara, Akarsh and Jin, Tao and Das, Arnav and Bhatt, Gantavya and Kumari, Lilly and Soltanaghai, Elahe and Bilmes, Jeff and Kumar, Swarun and Rowe, Anthony},
	title = {High resolution point clouds from {mmWave} radar},
	booktitle = {2023 {IEEE} {International} {Conference} on {Robotics} and {Automation} ({ICRA})},
	publisher = {IEEE},
	year = {2023},
	pages = {4135--4142},
	url = {https://ieeexplore.ieee.org/document/10161429/}
}

@article{kong_dmsc-gan_2023,
	author = {Kong, Yingying and Liu, Si},
	title = {{DMSC}-{GAN}: {A} c-{GAN}-based framework for super-resolution reconstruction of {SAR} images},
	shorttitle = {{DMSC}-{GAN}},
	journal = {Remote Sensing},
	year = {2023},
	volume = {16},
	pages = {50},
	url = {https://www.mdpi.com/2072-4292/16/1/50}
}

@inproceedings{armanious_adversarial_2019,
	author = {Armanious, Karim and Abdulatif, Sherif and Aziz, Fady and Schneider, Urs and Yang, Bin},
	title = {An adversarial super-resolution remedy for radar design trade-offs},
	booktitle = {2019 27th {European} {Signal} {Processing} {Conference} ({EUSIPCO})},
	publisher = {arXiv},
	year = {2019},
	pages = {1--5},
	url = {http://arxiv.org/abs/1903.01392}
}

@inproceedings{hinderer_blind_2022,
	author = {Hinderer, Sven},
	title = {Blind source separation of radar signals in time domain using deep learning},
	booktitle = {2022 23rd {International} {Radar} {Symposium} ({IRS})},
	publisher = {IEEE},
	year = {2022},
	pages = {486--491},
	url = {https://ieeexplore.ieee.org/document/9904990/}
}

@misc{mirza_conditional_2014,
	author = {Mirza, Mehdi and Osindero, Simon},
	title = {Conditional generative adversarial nets},
	publisher = {arXiv},
	year = {2014},
	note = {arXiv:1411.1784 [cs]},
	url = {http://arxiv.org/abs/1411.1784}
}

@misc{goodfellow_generative_2014,
	author = {Goodfellow, Ian J. and Pouget-Abadie, Jean and Mirza, Mehdi and Xu, Bing and Warde-Farley, David and Ozair, Sherjil and Courville, Aaron and Bengio, Yoshua},
	title = {Generative adversarial networks},
	publisher = {arXiv},
	year = {2014},
	note = {arXiv:1406.2661 [stat]},
	url = {http://arxiv.org/abs/1406.2661}
}

@misc{ronneberger_u-net_2015,
	author = {Ronneberger, Olaf and Fischer, Philipp and Brox, Thomas},
	title = {U-net: {Convolutional} networks for biomedical image segmentation},
	shorttitle = {U-{Net}},
	publisher = {arXiv},
	year = {2015},
	url = {http://arxiv.org/abs/1505.04597}
}

@misc{liu_swin_2021,
	author = {Liu, Ze and Lin, Yutong and Cao, Yue and Hu, Han and Wei, Yixuan and Zhang, Zheng and Lin, Stephen and Guo, Baining},
	title = {Swin transformer: {Hierarchical} vision transformer using shifted windows},
	shorttitle = {Swin {Transformer}},
	publisher = {arXiv},
	year = {2021},
	url = {http://arxiv.org/abs/2103.14030}
}

@misc{vaswani_attention_2023,
	author = {Vaswani, Ashish and Shazeer, Noam and Parmar, Niki and Uszkoreit, Jakob and Jones, Llion and Gomez, Aidan N. and Kaiser, Lukasz and Polosukhin, Illia},
	title = {Attention is all you need},
	publisher = {arXiv},
	year = {2023},
	annote = {Comment: 15 pages, 5 figures},
	url = {http://arxiv.org/abs/1706.03762}
}

@inproceedings{fink_comparison_2015,
	author = {Fink, Johannes and Jondral, Friedrich K.},
	title = {Comparison of {OFDM} radar and chirp sequence radar},
	booktitle = {2015 16th {International} {Radar} {Symposium} ({IRS})},
	publisher = {IEEE},
	year = {2015},
	pages = {315--320},
	url = {http://ieeexplore.ieee.org/document/7226369/}
}

@article{li_review_2021,
	author = {Li, Y. and Sixou, B. and Peyrin, F.},
	title = {A review of the deep learning methods for medical images super resolution problems},
	journal = {IRBM},
	year = {2021},
	volume = {42},
	pages = {120--133},
	url = {https://linkinghub.elsevier.com/retrieve/pii/S1959031820301408}
}

@article{wang_deep_2021,
	author = {Wang, Zhihao and Chen, Jian and Hoi, Steven C. H.},
	title = {Deep learning for image super-resolution: {A} survey},
	journal = {IEEE Transactions on Pattern Analysis and Machine Intelligence},
	year = {2021},
	volume = {43},
	pages = {3365--3387},
	url = {https://ieeexplore.ieee.org/document/9044873/}
}
